% Encoding: UTF-8
% ------------------------

@article{T.KoboriN.KoshikaN.Yamada1991,
	author = {{T. Kobori, N. Koshika, N. Yamada}, and Y. Ikeda},
	journal = {Earthquake Engineering {\&} Structural Dynamics},
	pages = {133--139},
	title = {{Seismic response controlled structure with active mass driver system. part 1: Design}},
	volume = {20},
	year = {1991}
}
@article{yao1972concept,
	title={Concept of structural control},
	author={Yao, James TP},
	journal={Journal of the Structural Division},
	volume={98},
	number={7},
	pages={1567--1574},
	year={1972},
	publisher={ASCE},
}

@masterthesis{lou2013,
	title={高层建筑风振的磁流变液阻尼器与轻型主动质量阻尼器混合控制系统研究[{J}]},
	author={楼群},
	school={华侨大学},
	year={2013},
}
@article{Lijing2006,
	title={主动变刚度阻尼多振型半主动控制研究[{J}]},
	author={李静斌; 赵林; 张猛},
	journal={世界地震工程},
	volume={22},
	issue={3},
	year={2006},
}

@article{Sun2012,
	author={孙慧敏；张贺超},
	journal={中华建设},
	title={防震减灾中心工程隔震层以下结构设计[{J}]},
	volume={07},
	year={2012},
	pages={114--115},
}

@article{Hu2001,
	title={振动半主动控制技术的进展[{J}]},
	author={胡海岩;郭大蕾;翁建生},
	journal={振动、测试与诊断},
	year={2001},
	volume={04},
}

@article{Ali2015,
	author={Ali G.; Seyed Hassan H.; Mahshid A.},
	title={A review on the simulation and modeling of magnetorheological fluids},
	journal={Journal of Intelligent Material Systems and Structures},
	year={2015},
	volume={26},
	issue={8},
	pages={881--904},
}

@article{Zhang2010,
	author={张进秋;张建;孔亚男;高永强;贾进峰;王洪涛},
	title={磁流变液及其应用研究综述[{J}]},
	journal={装甲兵工程学院学报},
	year={2010},
	volume={02},
}

@book{elliott1993,
	title={Electromagnetics: History, Theory, and Applications},
	author={Elliott, R.S},
	series={IEEE Press series on electromagnetic waves},
	year={1993},
	publisher={Oxford University Press},
}

@book{chopra2007,
	title={Dynamics of Structures: Theory and Applications to Earthquake Engineering (3rd version)},
	author={Chopra; Anil K},
	publisher={Prentice Hall},
	year={2007}
	}